@Comment @ARTICLE{Meyer2000,
@Comment AUTHOR={Bernd Meyer},
@Comment TITLE={A constraint-based framework for diagrammatic reasoning},
@Comment JOURNAL={Applied Artificial Intelligence},
@Comment VOLUME= {14},
@Comment ISSUE = {4},
@Comment PAGES= {327--344},
@Comment YEAR={2000}
@Comment }

@Comment @ARTICLE{Codishetal2000,
@Comment AUTHOR={M. Codish and K. Marriott and C.K. Taboch},
@Comment TITLE={Improving program analyses by structure untupling},
@Comment JOURNAL={Journal of Logic Programming},
@Comment VOLUME= {43},
@Comment ISSUE = {3},
@Comment PAGES= {251--263},
@Comment YEAR={2000}
@Comment }

@Comment @Book{Conway2000,
@Comment author = {Damian Conway},
@Comment title = {Object {O}riented {P}erl: {A} comprehensive guide to concepts and programming techniques},
@Comment publisher = {Manning Publications Co.},
@Comment year = {2000},
@Comment address = {Connecticut, USA}
@Comment }

@inproceedings{MongoDB,
  title={Introduccion a NoSQL MongoDB.},
  author={Luis Alberto Mayta},
  booktitle={Hacker},
  pages={1393--1398},
  year={2013}
}
