\cvsection{Skills}

\cvskill{Python}{5}
\cvskill{Go}{4}
\cvskill{Cloud Computing}{4}
\cvskill{Design Patterns}{4}
\cvskill{AWS}{3}
\cvskill{Infraestructure as Code}{3}
\cvskill{Automation}{3}
\cvskill{Rust}{2}
\cvskill{Security}{2}

@Comment @Book{Conway2000,
@Comment author = {Damian Conway},
@Comment title = {Object {O}riented {P}erl: {A} comprehensive guide to concepts and programming techniques},
@Comment publisher = {Manning Publications Co.},
@Comment year = {2000},
@Comment address = {Connecticut, USA}
@Comment }

@skill{MongoDB,
  title={Introduccion a NoSQL MongoDB.},
  author={Luis Alberto Mayta},
  booktitle={Hacker},
  pages={1393--1398},
  year={2013}
}
